@inproceedings{KernelizationAlgorithms04,
    author = "Faisal N. Abu-Khzam and Rebecca L. Collins and Michael R. Fellows and Michael A. Langston and W. Henry Suters and Christopher T. Symons",
    booktitle = "Kernelization Algorithms for the Vertex Cover Problem: Theory and Experiments",
    title = "ALENEX/ANALCO",
    year = "2004"
},

@article{ImprovedBounds10,
    author = "Jianer Chen and Iyad A. Kanj and Ge Xia",
    title = "Improved Parameterized Upper Bounds for Vertex Cover",
    journal = "Theoretical Computer Science",
    journal = "411",
    number = "40-42",
    pages = "3736--3756",
    year ="2010"
},

@article{VCFurther01,
    author = "Jianer Chen and Iyad A. Kanj and Ge Xia",
    title = "Vertex Cover: Further Observations and Further Improvements",
    year ="2001"
},

@article{BnBTSP05,
    author = "Richard Wiener",
    title = "Branch and Bound Implementations for the Traveling Salesperson Problem - Part 2: Single threaded solution with many inexpensive nodes",
    journal = "The Journal of Object Technology",
    volume = "2",
    number = "3",
    year = "2003",
    pages= "65-76"
},

@article{khuller02,
    author = "Samir Khuller",
    title = "The Vertex Cover Problem",
    journal = "ACM SIGACT News",
    volume = "33",
    year = "2002",
    pages= "31-33"
},

@article{hochbaum82,
    author = "Dorit S. Hochbaum",
    title = "Approximation Algorithms for the Set Covering and Vertex Cover Problems",
    journal = "SIAM Journal of Computing",
    volume = "11",
    number = "3",
    year = "1982",
    pages= "554-555"
},

@thesis{Niedermeier02,
    author = "Rolf Niedermeier",
    title = "Invitation to Fixed-Parameter Algorithms",
    year = "2002",
    school = "Universitt Tubingen"
},

@thesis{abukhzam03,
    author = "Faisal Nabih Abu Khzam",
    title = "Topics in Graph Algorithms: Structural Results and Algorithmic Techniques, with Applications",
    year = "2003",
    school = "University of Tennessee, Knoxville"
},

@book{sedgewick11,
    author = "Robert Sedgewick i Kevin Wayne",
    title = "Algorytmy",
    edition = "4",
    publisher="Helion",
    year = "2012"
}
